@misc{Django,
	note = {[Online; accessed 2023-02-21]},
	title = {Django},
	howpublished = {https://docs.djangoproject.com/en/4.1/},
}
@misc{Contributors2023Rapid,
	note = {[Online; accessed 2023-02-21]},
	author = {{Contributors to Wikimedia projects}},
	year = {2023},
	month = {jan 4},
	title = {Rapid application development},
	howpublished = {https://en.wikipedia.org/wiki/Rapid\textunderscore{}application\textunderscore{}development},
}
@misc{SQLite,
	note = {[Online; accessed 2023-02-21]},
	title = {SQLite documentation},
	howpublished = {https://www.sqlite.org/docs.html},
}
@misc{Cloud,
	note = {[Online; accessed 2023-02-21]},
	title = {Cloud {Functions}},
	howpublished = {https://cloud.google.com/functions},
}
@misc{Tutorial,
	note = {[Online; accessed 2023-02-21]},
	title = {Tutorial: Intro to react -- react},
	howpublished = {https://reactjs.org/tutorial/tutorial.html},
}

